@String(iccv = "{IEEE International Conference on Computer Vision (ICCV)}")
@String(cvpr = "{IEEE Conference on Computer Vision and Pattern Recognition (CVPR)}")
@String(pami = "{IEEE Transactions on Pattern Recognition and Machine Intelligence (PAMI)}")
@String(icdl = "{IEEE Conference on Development and Learning (ICDL)}")
@String(tip = "{IEEE Transactions on Image Processing (TIP)}")
@String(eccv = "{European Conference on Computer Vision (ECCV)}")
@String(acmmm = "{ACM Multimedia}")
@String(t-ro = "{IEEE Transactions on Robotics(T-RO)}")
@String(nips = "{Adcances in Neural Information Processing Systems (NIPS)}")
@String(wapcv = "{International Workshop on Attention and Performance in Computer Vision (WAPCV)}")
@String(tmm = "{IEEE Transactions on Multimedia (TMM)}")

@String(tip = "{IEEE TIP}")
@String(eccv = "{ECCV}")
@String(iccv = "{ICCV}")
@String(cvpr = "{CVPR}")
@String(pami = "{IEEE TPAMI}")
@String(pami = "{IEEE TPAMI}")
@String(t-ro = "{IEEE T ROBOT}")
@String(nips = "{NIPS}")
@String(wapcv = "{WAPCV}")
@String(tmm = "{TMM}")
@String(icdl = "{ICDL}")

@article{,
  title   = " ",
  journal = " ",
  volume  = " ",
  number  = " ",
  pages   = " ",
  year    = " ",
  author  = " "
}
@inproceedings{,
  title     = " ",
  booktitle = " ",
  volume    = " ",
  number    = " ",
  pages     = " ",
  month     = " ",
  year      = " ",
  author    = " "
}
@incollection{,
  title     = " ",
  booktitle = " ",
  publisher = " ",
  volume    = " ",
  number    = " ",
  pages     = " ",
  year      = " ",
  author    = " "
}
@MastersThesis{,
  author    =  {},
  title     =  {},
  school    =  {},
  year      =    ,
  address   =  {},
  lang      =  "",
}   

@PhdThesis{shaheshang,
  author    =  {},
  title     =  {},
  school    =  {},
  year      =    ,
  address   =  {},
  lang      =  "",
}   
@article{BorjiTPAMI2013State,
  title   = "State-of-the-Art in Visual Attention Modeling",
  journal = "IEEE Transactions on Pattern Analysis and Machine Intelligence",
  pages   = "185--207",
  year    = "2013",
  author  = "A. Borji and L. Itti",
}
@inproceedings{ChengMingMingCVPR2014BING,
  title     = "BING: Binarized Normed Gradients for Objectness Estimation at 300fps",
  booktitle = "IEEE Conference on Computer Vision and Pattern Recognition (CVPR)",
  pages     = "3286--3293",
  month     = "June",
  year      = "2014",
  author    = "M. Cheng and Z. Zhang and W. Lin and P. Torr"
}
@inproceedings{LiYinCVPR2014Secrets,
  title     = "The Secrets of Salient Object Segmentation",
  booktitle = "IEEE Conference on Computer Vision and Pattern Recognition (CVPR)",
  pages     = "280--287",
  month     = "June",
  year      = "2014",
  author    = "Y. Li and X. Hou and C. Koch and J.~M. Rehg and A.~L. Yuille"
}
@incollection{Koch1987Shifts,
  title     = "Shifts in Selective Visual Attention: Towards the Underlying Neural Circuitry",
  booktitle = "Matters of Intelligence",
  publisher = "Springer Netherlands",
  volume    = "188",
  pages     = "115--141",
  year      = "1987",
  author    = "C. Koch and S. Ullman"
}
@article{IttiTPAMI1998Model,
  title   = "A Model of Saliency-based Visual Attention for Rapid Scene Analysis",
  journal = "IEEE Transactions on Pattern Analysis and Machine Intelligence",
  volume  = "20",
  pages   = "1254--1259",
  year    = "1998",
  doi     = "10.1109/34.730558",
  author  = "L. Itti and C. Koch and E. Niebur"
}
@techreport{JuddMIT2012Benchmark,
  title     = "A Benchmark of Computational Models of Saliency to Predict Human Fixations",
  Institution = "Massachusetts Institute of Technology",
  year      = "2012",
  author    = "Tilke Judd and Fr{\'e}do Durand and Antonio Torralba"
}
@article{BorjiTIP2013Quantitative,
  title   = "Quantitative Analysis of Human-Model Agreement in Visual Saliency Modeling: A Comparative Study",
  journal = "IEEE Transactions on Image Processing",
  volume  = "22",
  pages   = "55--69",
  year    = "2013",
  author  = "A. Borji and D.~N. Sihite and L. Itti"
}
@inproceedings{BorjiICCV2013Analysis,
  title     = "Analysis of Scores, Datasets, and Models in Visual Saliency Prediction",
  booktitle = "IEEE International Conference on Computer Vision (ICCV)",
  pages     = "921--928",
  month     = "December",
  year      = "2013",
  author    = "A. Borji and H.~R. Tavakoli and D.~N. Sihite and L. Itti"
}
@inproceedings{VigCVPR2014Large,
  title     = "Large-Scale Optimization of Hierarchical Features for Saliency Prediction in Natural Images",
  booktitle = "IEEE Conference on Computer Vision and Pattern Recognition (CVPR)",
  pages     = "2798--2805",
  month     = "June",
  year      = "2014",
  author    = "E. Vig and M. Dorr and D. Cox"
}
@inproceedings{BorjiECCV2012Salient,
  title     = "Salient Object Detection: A Benchmark",
  booktitle = "European Conference on Computer Vision (ECCV)",
  pages     = "414--429",
  month     = "October",
  year      = "2012",
  author    = "A. Borji and D.~N. Sihite and L. Itti"
}
@inproceedings{LiuTieCVPR2007Learning,
  title     = "Learning to Detect A Salient Object",
  booktitle = "IEEE Conference on Computer Vision and Pattern Recognition (CVPR)",
  pages     = "1--8",
  month     = "June",
  year      = "2007",
  author    = "T. Liu and J. Sun and N. Zheng and X. Tang and H. Shum"
}
@inproceedings{AchantaCVPR2009Frequency,
  title     = "Frequency-tuned salient region detection",
  booktitle = "IEEE Conference on Computer Vision and Pattern Recognition (CVPR)",
  pages     = "1597--1604",
  month     = "June",
  year      = "2009",
  author    = "R. Achanta and S. Hemami and F. Estrada and S. Susstrunk"
}
@inproceedings{ChengMingMingCVPR2011Global,
  title     = "Global contrast based salient region detection",
  booktitle = "IEEE Conference on Computer Vision and Pattern Recognition (CVPR)",
  pages     = "409--416",
  month     = "June",
  year      = "2011",
  author    = "M. Cheng and G. Zhang and N.~J. Mitra and X. Huang and S. Hu"
}
@inproceedings{PerazziCVPR2012filters,
  title     = "Saliency filters: Contrast based filtering for salient region detection",
  booktitle = "IEEE Conference on Computer Vision and Pattern Recognition (CVPR)",
  pages     = "733--740",
  month     = "June",
  year      = "2012",
  author    = "Federico Perazzi and Philipp Kr{\"a}henb{\"u}hl and Yael Pritch and Alexander Hornung"
}
@inproceedings{JiangHuaizuCVPR2013Discriminative,
  title     = "Salient Object Detection: A Discriminative Regional Feature Integration Approach",
  booktitle = "IEEE Conference on Computer Vision and Pattern Recognition (CVPR)",
  pages     = "2083--2090",
  month     = "June",
  year      = "2013",
  author    = "H. Jiang and J. Wang and Z. Yuan and Y. Wu and N. Zheng and S. Li"
}
@inproceedings{YangChuanCVPR2013Manifold,
  title     = "Saliency Detection via Graph-Based Manifold Ranking",
  booktitle = "IEEE Conference on Computer Vision and Pattern Recognition (CVPR)",
  pages     = "3166--3173",
  month     = "June",
  year      = "2013",
  author    = "C. Yang and L. Zhang and H. Lu and M. Yang"
}
@inproceedings{YanQiongCVPR2013Hierarchical,
  title     = "Hierarchical Saliency Detection",
  booktitle = "IEEE Conference on Computer Vision and Pattern Recognition (CVPR)",
  pages     = "1155--1162",
  month     = "June",
  year      = "2013",
  author    = "Q. Yan and L. Xu and J. Shi and J. Jia"
}
@inproceedings{JiangZhuolinCVPR2013Submodular,
  title     = "Submodular Salient Region Detection",
  booktitle = "IEEE Conference on Computer Vision and Pattern Recognition (CVPR)",
  pages     = "2043--2050",
  month     = "June",
  year      = "2013",
  author    = "Zhuolin Jiang and Larry S. Davis"
}
@inproceedings{ScharfenbergerCVPR2013Statistical,
  title     = "Statistical Textural Distinctiveness for Salient Region Detection in Natural Images",
  booktitle = "IEEE Conference on Computer Vision and Pattern Recognition (CVPR)",
  pages     = "979--986",
  month     = "June",
  year      = "2013",
  author    = "Christian Scharfenberger and Alexander Wong and Khalil Fergani and John S. Zelek and David A. Clausi"
}
@inproceedings{ChengMingMingICCV2013Efficient,
  title     = "Efficient Salient Region Detection with Soft Image Abstraction",
  booktitle = "IEEE International Conference on Computer Vision (ICCV)",
  pages     = "1529--1536",
  month     = "December",
  year      = "2013",
  author    = "M. Cheng and Jonathan Warrell and W. Lin and Shuai Zheng and Vibhav Vineet and Nigel Crook"
}
@inproceedings{LiXiICCV2013Contextual,
  title     = "Contextual Hypergraph Modeling for Salient Object Detection",
  booktitle = "IEEE International Conference on Computer Vision (ICCV)",
  pages     = "3328--3335",
  month     = "December",
  year      = "2013",
  author    = "Xi Li and Yao Li and Chunhua Shen and Anthony Dick and Anton van den Hengel"
}
@inproceedings{ZhangJianmingICCV2013Boolean,
  title     = "Saliency Detection: A {Boolean} Map Approach",
  booktitle = "IEEE International Conference on Computer Vision (ICCV)",
  pages     = "153--160",
  month     = "December",
  year      = "2013",
  author    = "Jianming Zhang and S. Sclaroff"
}
@inproceedings{JiangBowenICCV2013Markov,
  title     = "Saliency Detection via Absorbing {Markov} Chain",
  booktitle = "IEEE International Conference on Computer Vision (ICCV)",
  pages     = "1665--1672",
  month     = "December",
  year      = "2013",
  author    = "Bowen Jiang and Lihe Zhang and Huchuan Lu and Chuan Yang and Ming-Hsuan Yang"
}
@inproceedings{LiXiaohuiICCV2013Dense,
  title     = "Saliency Detection via Dense and Sparse Reconstruction",
  booktitle = "IEEE International Conference on Computer Vision (ICCV)",
  pages     = "2976--2983",
  month     = "December",
  year      = "2013",
  author    = "Xiaohui Li and Huchuan Lu and Lihe Zhang and Xiang Ruan and Ming-Hsuan Yang"
}
@inproceedings{LiuRishengCVPR2014Adaptive,
  title     = "Adaptive Partial Differential Equation Learning for Visual Saliency Detection",
  booktitle = "IEEE Conference on Computer Vision and Pattern Recognition (CVPR)",
  pages     = "3866--3873",
  month     = "June",
  year      = "2014",
  author    = "Risheng Liu and Junjie Cao and Zhouchen Lin and Shiguang Shan"
}
@inproceedings{LiNianyiCVPR2014Light,
  title     = "Saliency Detection on Light Field",
  booktitle = "IEEE Conference on Computer Vision and Pattern Recognition (CVPR)",
  pages     = "2806--2813",
  month     = "June",
  year      = "2014",
  author    = "Nianyi Li and Jinwei Ye and Yu Ji and Haibin Ling and Jingyi Yu"
}
@inproceedings{HouXiaodiCVPR2007Residual,
  title     = "Saliency Detection: A Spectral Residual Approach",
  booktitle = "IEEE Conference on Computer Vision and Pattern Recognition (CVPR)",
  pages     = "1--8",
  month     = "June",
  year      = "2007",
  doi       = "10.1109/CVPR.2007.383267",
  author    = "Xiaodi Hou and Liqing Zhang"
}
@inproceedings{GuoChenleiCVPR2008Spatio,
  title     = "Spatio-temporal saliency detection using phase spectrum of quaternion fourier transform",
  booktitle = "IEEE Conference on Computer Vision and Pattern Recognition (CVPR)",
  pages     = "1--8",
  month     = "June",
  year      = "2008",
  author    = "Chenlei Guo and Qi Ma and Liming Zhang"
}
@inproceedings{YuICDL2009Spatio,
  title     = "Pulse discrete cosine transform for saliency-based visual attention",
  booktitle = "International Conference on Development and Learning (ICDL)",
  pages     = "1--6",
  month     = "June",
  year      = "2009",
  author    = "Ying Yu and Bin Wang and Liming Zhang"
}
@article{BianCognNeurodyn2010Visual,
  title   = "Visual saliency: A biologically plausible contourlet-like frequency domain approach",
  journal = "Cognitive Neurodynamics",
  volume  = "4",
  pages   = "189--198",
  year    = "2010",
  author  = "P. Bian and L. Zhang"
}
@article{LiJianTPAMI2013Scale,
  title   = "Visual Saliency Based on Scale-Space Analysis in the Frequency Domain",
  journal = "IEEE Transactions on Pattern Analysis and Machine Intelligence",
  volume  = "35",
  pages   = "996--1010",
  year    = "2013",
  doi     = "10.1109/TPAMI.2012.147",
  author  = "Jian Li and M.~D. Levine and Xiangjing An and Xin Xu and Hangen He"
}


























