@article{BorjiTPAMI2013State,
  title     = "State-of-the-Art in Visual Attention Modeling",
  journal   = "IEEE Transactions on Pattern Analysis and Machine Intelligence",
  pages     = "185--207",
  year      = "2013",
  author    = "A. Borji and L. Itti",
}
@inproceedings{ChengMingMingCVPR2014BING,
  title     = "BING: Binarized Normed Gradients for Objectness Estimation at 300fps",
  booktitle = "IEEE Conference on Computer Vision and Pattern Recognition",
  pages     = "3286--3293",
  month     = "June",
  year      = "2014",
  author    = "M. Cheng and Z. Zhang and W. Lin and P. Torr"
}
@inproceedings{LiYinCVPR2014Secrets,
  title     = "The Secrets of Salient Object Segmentation",
  booktitle = "IEEE Conference on Computer Vision and Pattern Recognition",
  pages     = "280--287",
  month     = "June",
  year      = "2014",
  author    = "Y. Li and X. Hou and C. Koch and J.~M. Rehg and A.~L. Yuille"
}
@incollection{Koch1987Shifts,
  title     = "Shifts in Selective Visual Attention: Towards the Underlying Neural Circuitry",
  booktitle = "Matters of Intelligence",
  publisher = "Springer Netherlands",
  volume    = "188",
  pages     = "115--141",
  year      = "1987",
  author    = "C. Koch and S. Ullman"
}
@article{IttiTPAMI1998Model,
  title     = "A Model of Saliency-based Visual Attention for Rapid Scene Analysis",
  journal   = "IEEE Transactions on Pattern Analysis and Machine Intelligence",
  volume    = "20",
  pages     = "1254--1259",
  year      = "1998",
  author    = "L. Itti and C. Koch and E. Niebur"
}
@techreport{JuddMIT2012Benchmark,
  title     = "A Benchmark of Computational Models of Saliency to Predict Human Fixations",
  Institution = "Massachusetts Institute of Technology",
  year      = "2012",
  author    = "Tilke Judd and Fr{\'e}do Durand and Antonio Torralba"
}
@article{BorjiTIP2013Quantitative,
  title     = "Quantitative Analysis of Human-Model Agreement in Visual Saliency Modeling: A Comparative Study",
  journal   = "IEEE Transactions on Image Processing",
  volume    = "22",
  pages     = "55--69",
  year      = "2013",
  author    = "A. Borji and D.~N. Sihite and L. Itti"
}
@inproceedings{BorjiICCV2013Analysis,
  title     = "Analysis of Scores, Datasets, and Models in Visual Saliency Prediction",
  booktitle = "IEEE International Conference on Computer Vision ",
  pages     = "921--928",
  month     = "December",
  year      = "2013",
  author    = "A. Borji and H.~R. Tavakoli and D.~N. Sihite and L. Itti"
}
@inproceedings{VigCVPR2014Large,
  title     = "Large-Scale Optimization of Hierarchical Features for Saliency Prediction in Natural Images",
  booktitle = "IEEE Conference on Computer Vision and Pattern Recognition",
  pages     = "2798--2805",
  month     = "June",
  year      = "2014",
  author    = "E. Vig and M. Dorr and D. Cox"
}
@inproceedings{BorjiECCV2012Salient,
  title     = "Salient Object Detection: A Benchmark",
  booktitle = "European Conference on Computer Vision",
  pages     = "414--429",
  month     = "October",
  year      = "2012",
  author    = "A. Borji and D.~N. Sihite and L. Itti"
}
@inproceedings{LiuTieCVPR2007Learning,
  title     = "Learning to Detect A Salient Object",
  booktitle = "IEEE Conference on Computer Vision and Pattern Recognition",
  pages     = "1--8",
  month     = "June",
  year      = "2007",
  author    = "T. Liu and J. Sun and N. Zheng and X. Tang and H. Shum"
}
@inproceedings{AchantaCVPR2009Frequency,
  title     = "Frequency-tuned salient region detection",
  booktitle = "IEEE Conference on Computer Vision and Pattern Recognition",
  pages     = "1597--1604",
  month     = "June",
  year      = "2009",
  author    = "R. Achanta and S. Hemami and F. Estrada and S. Susstrunk"
}
@inproceedings{ChengMingMingCVPR2011Global,
  title     = "Global contrast based salient region detection",
  booktitle = "IEEE Conference on Computer Vision and Pattern Recognition",
  pages     = "409--416",
  month     = "June",
  year      = "2011",
  author    = "M. Cheng and G. Zhang and N.~J. Mitra and X. Huang and S. Hu"
}
@inproceedings{PerazziCVPR2012filters,
  title     = "Saliency filters: Contrast based filtering for salient region detection",
  booktitle = "IEEE Conference on Computer Vision and Pattern Recognition",
  pages     = "733--740",
  month     = "June",
  year      = "2012",
  author    = "F. Perazzi and P. Kr{\"a}henb{\"u}hl and Y. Pritch and A. Hornung"
}
@inproceedings{JiangHuaizuCVPR2013Discriminative,
  title     = "Salient Object Detection: A Discriminative Regional Feature Integration Approach",
  booktitle = "IEEE Conference on Computer Vision and Pattern Recognition",
  pages     = "2083--2090",
  month     = "June",
  year      = "2013",
  author    = "H. Jiang and J. Wang and Z. Yuan and Y. Wu and N. Zheng and S. Li"
}
@inproceedings{YangChuanCVPR2013Manifold,
  title     = "Saliency Detection via Graph-Based Manifold Ranking",
  booktitle = "IEEE Conference on Computer Vision and Pattern Recognition",
  pages     = "3166--3173",
  month     = "June",
  year      = "2013",
  author    = "C. Yang and L. Zhang and H. Lu and M. Yang"
}
@inproceedings{YanQiongCVPR2013Hierarchical,
  title     = "Hierarchical Saliency Detection",
  booktitle = "IEEE Conference on Computer Vision and Pattern Recognition",
  pages     = "1155--1162",
  month     = "June",
  year      = "2013",
  author    = "Q. Yan and L. Xu and J. Shi and J. Jia"
}
@inproceedings{JiangZhuolinCVPR2013Submodular,
  title     = "Submodular Salient Region Detection",
  booktitle = "IEEE Conference on Computer Vision and Pattern Recognition",
  pages     = "2043--2050",
  month     = "June",
  year      = "2013",
  author    = "Z. Jiang and Larry S. Davis"
}
@inproceedings{ScharfenbergerCVPR2013Statistical,
  title     = "Statistical Textural Distinctiveness for Salient Region Detection in Natural Images",
  booktitle = "IEEE Conference on Computer Vision and Pattern Recognition",
  pages     = "979--986",
  month     = "June",
  year      = "2013",
  author    = "C. Scharfenberger and A. Wong and K. Fergani and John S. Zelek and David A. Clausi"
}
@inproceedings{ChengMingMingICCV2013Efficient,
  title     = "Efficient Salient Region Detection with Soft Image Abstraction",
  booktitle = "IEEE International Conference on Computer Vision",
  pages     = "1529--1536",
  month     = "December",
  year      = "2013",
  author    = "M. Cheng and J. Warrell and W. Lin and S. Zheng and V. Vineet and N. Crook"
}
@inproceedings{LiXiICCV2013Contextual,
  title     = "Contextual Hypergraph Modeling for Salient Object Detection",
  booktitle = "IEEE International Conference on Computer Vision",
  pages     = "3328--3335",
  month     = "December",
  year      = "2013",
  author    = "X. Li and Y. Li and C. Shen and A. Dick and A. van d. Hengel"
}
@inproceedings{ZhangJianmingICCV2013Boolean,
  title     = "Saliency Detection: A {Boolean} Map Approach",
  booktitle = "IEEE International Conference on Computer Vision",
  pages     = "153--160",
  month     = "December",
  year      = "2013",
  author    = "J. Zhang and S. Sclaroff"
}
@inproceedings{JiangBowenICCV2013Markov,
  title     = "Saliency Detection via Absorbing {Markov} Chain",
  booktitle = "IEEE International Conference on Computer Vision",
  pages     = "1665--1672",
  month     = "December",
  year      = "2013",
  author    = "B. Jiang and L. Zhang and H. Lu and C. Yang and M. Yang"
}
@inproceedings{LiXiaohuiICCV2013Dense,
  title     = "Saliency Detection via Dense and Sparse Reconstruction",
  booktitle = "IEEE International Conference on Computer Vision",
  pages     = "2976--2983",
  month     = "December",
  year      = "2013",
  author    = "X. Li and H. Lu and L. Zhang and X. Ruan and M. Yang"
}
@inproceedings{LiuRishengCVPR2014Adaptive,
  title     = "Adaptive Partial Differential Equation Learning for Visual Saliency Detection",
  booktitle = "IEEE Conference on Computer Vision and Pattern Recognition",
  pages     = "3866--3873",
  month     = "June",
  year      = "2014",
  author    = "R. Liu and J. Cao and Z. Lin and S. Shan"
}
@inproceedings{LiNianyiCVPR2014Light,
  title     = "Saliency Detection on Light Field",
  booktitle = "IEEE Conference on Computer Vision and Pattern Recognition",
  pages     = "2806--2813",
  month     = "June",
  year      = "2014",
  author    = "N. Li and J. Ye and Y. Ji and H. Ling and J. Yu"
}
@inproceedings{HouXiaodiCVPR2007Residual,
  title     = "Saliency Detection: A Spectral Residual Approach",
  booktitle = "IEEE Conference on Computer Vision and Pattern Recognition",
  pages     = "1--8",
  month     = "June",
  year      = "2007",
  author    = "X. Hou and L. Zhang"
}
@inproceedings{GuoChenleiCVPR2008Spatio,
  title     = "Spatio-temporal saliency detection using phase spectrum of quaternion fourier transform",
  booktitle = "IEEE Conference on Computer Vision and Pattern Recognition",
  pages     = "1--8",
  month     = "June",
  year      = "2008",
  author    = "C. Guo and Q. Ma and L. Zhang"
}
@inproceedings{YuICDL2009Spatio,
  title     = "Pulse discrete cosine transform for saliency-based visual attention",
  booktitle = "International Conference on Development and Learning",
  pages     = "1--6",
  month     = "June",
  year      = "2009",
  author    = "Y. Yu and B. Wang and L. Zhang"
}
@article{BianCognNeurodyn2010Visual,
  title     = "Visual saliency: A biologically plausible contourlet-like frequency domain approach",
  journal   = "Cognitive Neurodynamics",
  volume    = "4",
  pages     = "189--198",
  year      = "2010",
  author    = "P. Bian and L. Zhang"
}
@article{LiJianTPAMI2013Scale,
  title     = "Visual Saliency Based on Scale-Space Analysis in the Frequency Domain",
  journal   = "IEEE Transactions on Pattern Analysis and Machine Intelligence",
  volume    = "35",
  pages     = "996--1010",
  year      = "2013",
  author    = "J. Li and M.~D. Levine and X. An and X. Xu and H. He"
}
@Book{ZhangZheng2010book,
 author     = "张铮 and 王艳平 and 薛桂香",
 title      = "数字图像处理与机器视觉",
 publisher  = "人民邮电出版社",
 PAGES      = "236--238",
 year       = 2010,
}
@article{Engel1997Colour,
  author    = "S. Engel and X. Zhang and B. Wandell",
  title     = "Colour tuning in human visual cortex measured with functional magnetic resonance imaging",
  journal   = "Nature",
  pages     = "68--71",
  volume    = 388,
  number    = 6637,
  year      = 1997,
}
@INBOOK{ZhangLiming2010Book,
  AUTHOR    = {L. Zhang and W. Lin},
  TITLE     = {Selectiive Visual Attention Computational Models and Applications},
  CHAPTER   = {Fast Bottom Up Computational Models in the Spectral Domain},
  PAGES     = {120-165},
  PUBLISHER = {IEEE Wiley},
  YEAR      = {2013},  
  lang      = {en},
}  
@book{Gonzalez2005book,
  author    = {R.~C. Gonzalez and R.~E. Wood and S.~L. Eddins},
  title     = {数字图像处理},
  address   = {北京},
  publisher = {电子工业出版社},
  year      = {2005}
}
@book{Rao2014book,
  author    = {K.~Y. Rao and P. Yip},
  title     = {Discrete cosine transform: algorithms, advantages, applications},
  address   = {},
  publisher = {Academic press},
  year      = {2014}
}
@article{ImamogluTMM2013wavelet,
  title     = "A Saliency Detection Model Using Low-Level Features Based on Wavelet Transform",
  journal   = "IEEE Transactions on Multimedia",
  volume    = "15",
  pages     = "96-105",
  year      = "2013",
  author    = "N. Imamoglu and W. Lin and Y. Fang"
}
@article{Merry2013wavelet,
  title     = "Wavelet theory and applications",
  journal   = "Eindhoven University of Technology",
  volume    = "",
  pages     = "",
  year      = "2005",
  author    = "R.~J.~E. Merry and M. Steinbuch"
}
@book{Fugal2009book,
  author    = {D.~L. Fugal},
  title     = {Conceptual Wavelets in Digital Signal Processing: An In-depth Practical Approach for the Non-Matematician},
  address   = {San Diego},
  publisher = {Space {\&} Signals Technical Publishing},
  year      = {2009}
}
@article{Kocyigit2013EMG,
  title     = "EMG signal classification using wavelet transform and fuzzy logic classifier",
  journal   = "Proc. of ELECO'2003",
  volume    = "",
  pages     = "381--383",
  year      = "2003",
  author    = "Y. Kocyigit and M. Korurek"
}
@book{Semmlow2004book,
  author    = {J.~L. Semmlow},
  title     = {Biosignal and Biomedical Image Processing:MATLAB-Based Applications},
  address   = {New York},
  publisher = {Marcel Decker},
  year      = {2004}
}
@book{Hamilton1866book,
  author    = {W.~R. Hamilton},
  title     = {Elements of Quaternions},
  address   = {Dublin, Ireland},
  publisher = {The University of Dublin Press},
  year      = {1866}
}
@book{Kantor1989book,
  author    = {I.~L. Kantor and A.~S. Solodovnikov},
  title     = {Hypercomplex Numbers, An Elementary Introduction to Algebras},
  address   = {New York},
  publisher = {Springer-Verlag},
  year      = {1989}
}
@article{ZhangRuolan2002frequency,
  title     = "图像信号的频域理解",
  journal   = "数字电视与数字视频",
  volume    = "3",
  pages     = "13--16",
  year      = "2002",
  author    = "张若岚 and 刘劲松"
}
@article{BorjiTIP2013Quantitative,
  title     = "Quantitative Analysis of Human-Model Agreement in Visual Saliency Modeling: A Comparative Study",
  journal   = "IEEE Transactions on Image Processing",
  volume    = "22",
  pages     = "55--69",
  year      = "2013",
  author    = "A. Borji and D.~N. Sihite and L. Itti"
}
@inproceedings{ZhangLin2013SDSP,
  title     = "SDSP: A novel saliency detection method by combining simple priors",
  booktitle = "International Conference on Image Processing",
  pages     = "171--175",
  month     = "September",
  year      = "2013",
  author    = "L. Zhang and Z. Gu and L. Zhang"
}
@inproceedings{JuddICCV2009Learning,
  title     = "Learning to predict where humans look",
  booktitle = "IEEE International Conference on Computer Vision",
  pages     = "2106--2113",
  month     = "October",
  year      = "2009",
  author    = "T. Judd and K. Ehinger and F. Durand and A. Torralba"
}
@article{Powers2007Evaluation,
  title     = "Evaluation: From Precision, Recall and F-Factor to ROC, Informedness, Markedness \& Correlation ",
  journal   = "Journal of Machine Learning Technologies",
  volume    = "2",
  pages     = "37--63",
  year      = "2007",
  author    = "D.~M.~W. Powers"
}
@book{Green1966book,
  author    = {D.~M. Green and J.~A. Swets},
  title     = {Signal Detection Theory and Psychophysics},
  address   = {New York, USA},
  publisher = {Wiley},
  year      = {1966}
}
@article{Tatler2005correlates,
  title     = "Visual correlates of fixation selection: Effects of scale and time",
  journal   = "Vision Research",
  volume    = "45",
  pages     = "643--659",
  year      = "2005",
  author    = "B.~W. Tatler and R.~J. Baddeley and I.~D. Gilchrist"
}
@book{Kullback1959book,
  author    = {S. Kullback},
  title     = {Information Theory and Statistics},
  address   = {New York, USA},
  publisher = {Wiley},
  year      = {1959}
}
@inproceedings{IttiCVPR2005principled,
  title     = "A principled approach to detecting surprising events in video",
  booktitle = "IEEE International Conference on Conference on Computer Vision and Pattern Recognition",
  pages     = "631--637",
  month     = "June",
  year      = "2005",
  author    = "L. Itti and P. Baldi"
}
@article{Jost2005Assessing,
  title     = "Assessing the contribution of color in visual attention",
  journal   = "Computer Vision and Image Understanding",
  volume    = "100",
  pages     = "107--123",
  year      = "2005",
  author    = "T. Jost and N. Ouerhani and R. Wartburg and R. Mri and H. Hgli"
}
@INBOOK{Barlow1961Possible,
  AUTHOR    = {H.~B. Barlow},
  TITLE     = {Sensory Communication},
  CHAPTER   = {Possible principles underlying the transformation of sensory messages},
  PAGES     = {217-234},
  PUBLISHER = {},
  YEAR      = {1961},  
  lang      = {en},
}
@article{Ruderman1994Statistics,
  title     = "The Statistics of Natural Images",
  journal   = "Network:Computation in Neural Systems",
  volume    = "5",
  pages     = "517--548",
  year      = "1994",
  author    = "D. Ruderman"
}
@article{Srivastava2003Advances,
  title     = "On Advances in Statistical Modeling of Natural Images",
  journal   = "Journal of Mathematical Imaging and Vision",
  volume    = "18",
  pages     = "17--33",
  year      = "2003",
  author    = "A. Srivastava and A. Lee and E. Simoncelli and S. Zhu"
}
@article{Bian2009Biological,
  title     = "Biological Plausibility of Spectral Domain Approach for Spatiotemporal Visual",
  journal   = "Advances in Neuro-Information Processing Lecture Notes in Computer Science",
  volume    = "5506",
  pages     = "251--258",
  year      = "2009",
  author    = "P. Bian and L. Zhang"
}
@article{李崇飞2012相位谱,
  title     = "基于相位谱和调谐幅度谱的显著性检测方法",
  journal   = "中国图象图形学报",
  volume    = "17",
  number    = "7",
  pages     = "821--827",
  year      = "2012",
  author    = "李崇飞 and 高颖慧 and 卢凯 and 曲智国"
}
@article{HouXiaodiTPAMI2012Signature,
  title     = "Image Signature: Highlighting Sparse Salient Regions",
  journal   = "IEEE Transactions on Pattern Analysis and Machine Intelligence",
  volume    = "34",
  pages     = "194--201",
  year      = "2012",
  author    = "Xiaodi Hou and J. Harel and C. Koch"
}
@PhdThesis{Hou2014Phd,
  author    = {x. Hou},
  title     = {Computational Modeling and Psychophysics in Low- and Mid-Level Vision:},
  school    = {California Institute of Technology},
  year      = 2014,
  address   = {California},
  lang      = "en",
}
@article{郑源彩2012稀疏,
  title     = "图像稀疏表示的研究",
  journal   = "核电子学与探测技术",
  volume    = "32",
  pages     = "1269--1271",
  year      = "2012",
  author    = "郑源彩 and 潘晋孝 and 孔慧华"
}
@article{Abutaleb1989Automatic,
  title     = "Automatic Thresholding of Gray-Level Pictures Using Two-Dimensional Entropy",
  journal   = "Computer Vision, Graphics, and Image Processing",
  volume    = "47",
  pages     = "22--32",
  year      = "1989",
  author    = "A. Abutaleb"
}
@PhdThesis{EllPhD1992Hypercomplex,
  author    = {Todd Anthony Ell},
  title     = {Hypercomplex Spectral Transformations:},
  school    = {University of Minnesota},
  year      = 1992,
  address   = {Minneapolis, MN, USA},
  lang      = "en",
}
@MastersThesis{吕超峰2007融合,
  author    = {吕超峰},
  title     = {图像融合算法研究及DSP实现: },
  school    = {西北工业大学},
  year      = 2007,
  address   = {陕西},
  lang      = "zh",
}
@MastersThesis{王岩2012注意,
  author    = {王岩},
  title     = {视觉注意模型的研究与应用: },
  school    = {上海交通大学},
  year      = 2012,
  address   = {上海},
  lang      = "zh",
}
@inproceedings{ShenXiaohuiCVPR2012unified,
  title     = "A unified approach to salient object detection via low rank matrix recovery",
  booktitle = "IEEE Conference on Computer Vision and Pattern Recognition",
  pages     = "853--860",
  month     = "June",
  year      = "2012",
  author    = "Xiaohui Shen and Ying Wu"
}









































